@techreport{colonnello2018effectiveness,
	title={Effectiveness and (in) efficiencies of compensation regulation: Evidence from the EU banker bonus cap},
	author={Colonnello, Stefano and Koetter, Michael and Wagner, Konstantin},
	year={2018},
	institution={IWH Discussion Papers}
}
@article{berger2020stimulating,
	title={Stimulating housing markets},
	author={Berger, David and Turner, Nicholas and Zwick, Eric},
	journal={The Journal of Finance},
	volume={75},
	number={1},
	pages={277--321},
	year={2020},
	publisher={Wiley Online Library}
}
@article{kokkinis2019exploring,
	title={Exploring the effects of the ‘bonus cap’rule: the impact of remuneration structure on risk-taking by bank managers},
	author={Kokkinis, Andreas},
	journal={Journal of Corporate Law Studies},
	volume={19},
	number={1},
	pages={167--195},
	year={2019},
	publisher={Taylor \& Francis}
}
@article{colonnello2019compensation,
	title={Compensation Regulation in Banking: Executive Director Behavior and Bank Performance after the EU Bonus Cap},
	author={Colonnello, Stefano and Koetter, Michael and Wagner, Konstantin},
	journal={Available at SSRN 3104869},
	year={2019}
}
@article{cerasi2020post,
	title={How post-crisis regulation has affected bank CEO compensation},
	author={Cerasi, Vittoria and Deininger, Sebastian M and Gambacorta, Leonardo and Oliviero, Tommaso},
	journal={Journal of International Money and Finance},
	pages={102153},
	year={2020},
	publisher={Elsevier}
}
@article{efing2018bank,
	title={Bank bonus pay as a risk sharing contract},
	author={Efing, Matthias and Hau, Harald and Kampk{\"o}tter, Patrick and Rochet, Jean-Charles},
	journal={HEC Paris Research Paper No. FIN-2018-1285},
	year={2018}
}
@article{kokkinis2019exploring,
	title={Exploring the effects of the ‘bonus cap’rule: the impact of remuneration structure on risk-taking by bank managers},
	author={Kokkinis, Andreas},
	journal={Journal of Corporate Law Studies},
	volume={19},
	number={1},
	pages={167--195},
	year={2019},
	publisher={Taylor \& Francis}
}
@article{abudy2020executive,
	title={Do executive compensation contracts maximize firm value? Indications from a quasi-natural experiment},
	author={Abudy, Menachem Meni and Amiram, Dan and Rozenbaum, Oded and Shust, Efrat},
	journal={Journal of Banking \& Finance},
	pages={105787},
	year={2020},
	publisher={Elsevier}
}
@incollection{edmans2017executive,
	title={Executive compensation: A survey of theory and evidence},
	author={Edmans, Alex and Gabaix, Xavier and Jenter, Dirk},
	booktitle={The handbook of the economics of corporate governance},
	volume={1},
	pages={383--539},
	year={2017},
	publisher={Elsevier}
}
@article{thanassoulis2012case,
	title={The case for intervening in bankers’ pay},
	author={Thanassoulis, John},
	journal={The Journal of Finance},
	volume={67},
	number={3},
	pages={849--895},
	year={2012},
	publisher={Wiley Online Library}
}